@book{HandbookOfMultisensory04,
    editor = {Gemma A. Calvert and Charles Spence and Barry E. Stein},
    title = {The Handbook of Multisensory Processes},
    booktitle = {The Handbook of Multisensory Processes},
    publisher = {The MIT Press},
    year = {2004},
}

@manual{ATI,
    key = {ATI},
    organization = {{ATI} Industrial Automation},
    title = {Nano17 6-axis Force/Torque Sensor},
    address = {Apex, NC, USA},
    url = {http://www.ati-ia.com},
}

@inproceedings{Constantinescu:2004:ISR,
    author = {Daniela Constantinescu and Septimiu E. Salcudean and Elizabeth A. Croft},
    title = {Impulsive Forces for Haptic Rendering of Rigid Contacts},
    booktitle = {Proceedings of the 35th International Symposium on Robotics},
    year = {2004},
    pages = {1--6},
    location = {Paris, France},
}

@inproceedings{Hwang:2004:HAPSYMP,
    author = {Jesse D. Hwang and Michael D. Williams and G{\"u}nter Niemeyer},
    title = {Toward Event-Based Haptics:  Rendering Contact Using Open-Loop Force Pulses},
    booktitle = {HAPTICS~'04: Proceedings of the 12th International Symposium on Haptic Interfaces for Virtual Environment and Teleoperator Systems},
    year = {2004},
    pages = {24--31},
    isbn = {0-7695-2112-6},
    doi = {10.1109/HAPTIC.2004.1287174},
}

@inproceedings{Johansson:1996:HANDBRAIN,
    author = {Roland. S. Johansson},
    editor = {Alan M. Wing and Patrick Haggard and J. Randall Flanagan},
    booktitle = {Hand and Brain: The Neurophysiology and Psychology of Hand Movements},
    title = {Sensory Control of Dexterous Manipulation in Humans},
    publisher = {Academic Press},
    year = {1996},
    pages = {381--414},
}

@article{Klotz:1967:JASA,
    author = {Jerome Klotz},
    title = {Asymptotic Efficiency of the Two Sample {K}olmogorov-{S}mirnov Test},
    journal = {Journal of the American Statistical Association},
    volume = {62},
    number = {319},
    month = sep,
    year = {1967},
    pages = {932--938},
}

@inproceedings{Kuchenbecker:2005:WHC,
  author = {Katherine J. Kuchenbecker and Jonathan Fiene and G{\"u}nter Niemeyer},
  title = {Event-Based Haptics and Acceleration Matching:  Portraying and Assessing the Realism of Contact},
  booktitle = {{WHC}~'05: First Joint Eurohaptics Conference and Symposium on Haptic Interfaces for Virtual Environment and Teleoperator Systems},
  year = {2005},
  month = mar,
  isbn = {0-7695-2310-2},
  pages = {381--387},
  doi = {10.1109/WHC.2005.52},
}

@article{Kuchenbecker:2006:TVCG,
  author = {Katherine J. Kuchenbecker and Jonathan Fiene and G{\"u}nter Niemeyer},
  title = {Improving Contact Realism through Event-Based Haptic Feedback},
  journal = {IEEE Transactions on Visualization and Computer Graphics},
  volume = {12},
  number = {2},
  year = {2006},
  month ={March--April},
  issn = {1077-2626},
  pages = {219--230},
  doi = {10.1109/TVCG.2006.32},
}

@inproceedings{Lederman:2004:HANDBOOK,
    crossref = {HandbookOfMultisensory04},
    author = {Susan J. Lederman and Roberta L. Klatzky},
    title = {Multisensory Texture Perception},
    pages = {107--122},
}

@inproceedings{Lloyd:2001:ICRA,
    author = {John E. Lloyd and Dinesh K. Pai},
    title = {Robotic Mapping of Friction and Roughness for Reality-based Modeling},
    booktitle = {{IEEE} International Conference on Robotics and Automation},
    year = {2001},
    pages = {1884--1890},
}

@article{Mahvash:2001:HAPTICSE,
    author = {Mohsen Mahvash and Vincent Hayward},
    title = {Haptic Rendering of Cutting:  A Fracture Mechanics Approach},
    journal = {Haptics-e, The Electronic Journal of Haptics Research},
    volume = {2},
    number = {3},
    year = {2001},
    month = nov,
    pages = {1--12},
    url = {http://www.haptics-e.org/},
}

@inproceedings{Mitra:2004:ICRA,
    author = {Probal Mitra and G{\"u}nter Niemeyer},
    title = {Dynamic Proxy Objects in Haptic Simulations},
    booktitle = {{IEEE} Conference on Robotics, Automation, and Mechatronics},
    volume = {2},
    year = {2004},
    month = dec,
    pages = {1054--1059},
    isbn = {0-7803-8645-0},
}

@article{Okamura:2001:ASME,
    author = {Allison M. Okamura and Mark R. Cutkosky and Jack Tigh Dennerlein},
    title = {Reality-Based Models for Vibration Feedback in Virtual Environments},
    journal = {IEEE/ASME Transactions on Mechatronics},
    volume = {6},
    number = {3},
    year = {2001},
    month = sep,
    issn = {1083-4435},
    pages = {245--252},
    doi = {10.1109/3516.951362},
}

@inproceedings{Pai:2005:ISRR,
    author = {Dinesh K. Pai},
    editor = {Paolo Dario and Raja Chatila},
    title = {Multisensory Interaction: Real and Virtual},
    booktitle = {ISRR03: The Eleventh International Symposium on Robotics Research},
    year = {2005},
    pages = {489--498},
    publisher = {Springer},
}

@manual{Phantom,
    key = {SensAble},
    organization = {SensAble Technologies, Inc.},
    title = {{PHANTOM} Premium 1.0},
    address = {Woburn, MA, USA},
    url = {http://www.sensable.com/},
}

@article{Robles:2001:Nature,
    author = {Gabriel Robles-De-La-Torre and Vincent Hayward},
    title = {Force can overcome object geometry in the perception of shape through active touch},
    journal = {Nature},
    year = 2001,
    volume = {412},
    issue = {6845},
    pages = {445--448},
    doi = {10.1038/35086588},
}

@article{Salcudean:1997:ASME,
    author = {S. E. Salcudean and T. D. Vlaar},
    title = {On the Emulation of Stiff Walls and Static Friction with a Magnetically Levitated Input/Output Device},
    journal = {{ASME} Journal of Dynamic Systems, Measurement and Control},
    volume = {119},
    number = {1},
    year = {1997},
    month = mar,
    issn = {0022-0434},
    pages = {127--132},
}

@inproceedings{Salisbury:1995:I3DG,
  author = {K. Salisbury and D. Brock and T. Massie and N. Swarup and C. Zilles},
  title = {Haptic Rendering: Programming Touch Interaction with Virtual Objects},
  booktitle = {Symposium on Interactive 3D Graphics},
  year = {1995},
  pages = {1054--1059},
  isbn = {0-89791-736-7},
  location = {Monterey, CA, USA},
  doi = {10.1145/199404.199426},
  publisher = {ACM},
  address = {New York, NY, USA},
}

@inproceedings{Srinivasan:1996:ASME,
    author = {M. A. Srinivasan and G. L. Beauregard and D. L. Brock},
    title = {The Impact of Visual Information on the Haptic Perception of Stiffness in Virtual Environments},
    booktitle = {ASME~1996: Proceedings of the ASME Dynamics Systems and Control Division},
    year = {1996},
    volume = {58},
    pages = {555--559},
    publisher = {ASME},
}

@book{Stein:1993:MergingOfSenses,
    author = {Barry E. Stein and M. Alex Meredith},
    title = {The Merging of the Senses},
    publisher = {The MIT Press},
    series = {Cognitive Neuroscience},
    year = {1993},
}
