@inproceedings{Driels:1992:IntelligentControl,
  title = {The Duality of Haptic and Visual Search for Object Recognition},
  author = {Morris Driels and Juan Acosta},
  booktitle = {{IEEE} International Symposium on Intelligent Control},
  year = {1992},
  month = aug,
  pages = {255--260},
  doi = {10.1109/ISIC.1992.225100},
}

@inproceedings{Ellis:1986:ICRA,
  title = {A Multiple-Scale Measure of Static Tactile Texture},
  author = {R. E. Ellis},
  booktitle = {{ICRA}'86: {IEEE} International Conference on Robotics and Automation},
  year = {1986},
  month = apr,
  volume = {3},
  pages = {1280--1285},
}

@article{Gibson:1962:PSYCH,
  author = {James J. Gibson},
  title = {Observations on Active Touch},
  journal = {Psychological Review},
  volume = {69},
  number = {6},
  year = {1990},
  month = nov,
  pages = {477--491},
}

@inproceedings{Gobbetti:2000:MMVR,
  title = {Catheter Insertion Simulation with co-registered Direct Volume Rendering and Haptic Feedback},
  author = {Enrico Gobbetti and Massimiliano Tuveri and Gianluigi Zanetti and Antonio Zorcolo},
  editor = {J. D. Westwood and H. M. Hoffman and G. T. Mogel and R. A. Robb and D. Stredney},
  booktitle = {{MMVR 2000}:  Medicine Meets Virtual Reality},
  year = {2000},
  month = jan,
  pages = {96--98},
  publisher = {IOS},
  address = {Amsterdam},
}

@incollection{Klatzky:1990:Dextrous,
  author = {Roberta L. Klatzky and Susan Lederman},
  title = {Intelligent Exploration by the Human Hand},
  booktitle = {Dextrous Robot Hands},
  editor = {Subramanian T. Venkataraman and Thea Iberall},
  year = {1990},
  isbn = {0-387-97190-4},
  pages = {66--81},
  publisher = {Springer-Verlag New York, Inc.},
  address = {New York, NY, USA},
}

@incollection{Klatzky:2002:Touch,
  title = {Perceiving Texture through a Probe},
  author = {Roberta Klatzky and Susan Lederman},
  booktitle = {Touch in virtual environments},
  editor = {M. L. McLaughlin and J. P. Hespanha and G. S. Sukhatme},
  year = {2002},
  chapter = {10},
  pages = {182--195},
  publisher = {Prentice Hall PTR},
  address = {Upper Saddle River, NJ},
}

@article{Lacreuse:2007:PRIMATOLOGY,
  title = {Hand preferences for a haptic searching task by tufted capuchins ({{\it Cebus}} {\it apella})},
  author = {Agn\`{e}s Lecreuse and Dorothy M. Fragaszy},
  journal = {International Journal of Primatology},
  year = {1996},
  month = aug,
  volume = {17},
  number = {4},
  pages = {613--632},
  doi = {10.1007/BF02735194},
  issn = {0164-0291},
  publisher = {Springer},
  address = {Netherlands},
}

@article{Lederman:1997:EXPERIMENTALPSYCH,
  title = {Relative Availability of Surface and Object Properties During Early Haptic
  Processing},
  author = {Susan J. Lederman and Roberta L. Klatzky},
  journal = {Journal of Experimental Psychology: Human Perception and Performance},
  year = {1997},
  volume = {23},
  number = {6},
  pages = {1680--1707},
}

@inbook{Lederman:2004:HandbookMultisensory,
  title = {Multisensory Texture Perception},
  author = {Susan J. Lederman and Roberta L. Klatzky},
  booktitle = {The Handbook of Multisensory Processes},
  editor = {G. A. Calvert and C. Spence and B. E. Stein},
  year = {2004},
  chapter = {7},
  pages = {107--122},
  publisher = {MIT Press},
  address = {Cambridge},
}

@inproceedings{Okamura:1999:ICRA,
  title = {Haptic exploration of fine surface features},
  author = {Allison M. Okamura and Mark R. Cutkosky},
  booktitle = {{ICRA}'99: {IEEE} International Conference on Robotics and Automation},
  year = {1999},
  month = may,
  volume = {4},
  pages = {2930--2936},
  doi = {10.1109/ROBOT.1999.774042},
}

@article{Overvliet:2007:EBR,
  title = {Haptic search with finger movements: using more fingers does not necessarily
  reduce search times},
  author = {K. E. Overvliet and J. B. J. Smeets and E. Brenner},
  journal = {Experimental Brain Research},
  year = {2007},
  month = sep,
  volume = {182},
  number = {3},
  pages = {427--434},
  doi = {10.1007/s00221-007-0998-9},
  issn = {0014-4819},
  publisher = {Springer},
  address = {Berlin / Heidelberg},
}

@inproceedings{Pai:2001:SIGGRAPH,
  title = {Scanning Physical Interaction Behavior of {3D} Objects},
  author = {Dinesh K. Pai and Kees van den Doel and Doug L. James and Jochen Lang and John E. Lloyd and Joshua L. Richmond and Som H. Yau},
  booktitle = {{SIGGRAPH '01}:  28th annual conference on Computer graphics and interactive techniques},
  year = {2001},
  isbn = {1-58113-374-X},
  pages = {87--96},
  doi = {10.1145/383259.383268},
  publisher = {ACM},
  address = {New York},
}

@article{Purdy:2004:CANPSYCH,
  title = {Haptic Processing of the Location of a Known Property:  Does Knowing What
  You've Touched Tell You Where It Is?},
  author = {Kimberly A. Purdy and Susan J. Lederman and Roberta L. Klatzky},
  journal = {Canadian Journal of Experimental Psychology},
  year = {2004},
  volume = {58},
  number = {1},
  pages = {32--45},
}

@inproceedings{Unger:2001:IRS,
  title = {Comparison of 3-{D} Haptic Peg-in-Hole Tasks in Real and Virtual
  Environments},
  author = {B. J. Unger and A. Nicolaidis and P. J. Berkelman and A. Thompson and R. L.
  Klatzky and R. L. Hollis},
  booktitle = {{IEEE}/{RSJ} International Conference on Intelligent Robots and
  Systems},
  year = {2001},
  pages = {1751--1756},
}
