@unpublished{Edmunds:2009:WHC,
  author = {Timothy Edmunds and Dinesh K. Pai},
  title = {Perceptually Augmented Simulator Design Through Decomposition},
  note = {\cbstart To appear in\cbend\ {\em{WHC}~'09: Third Joint Eurohaptics Conference and Symposium on Haptic Interfaces for Virtual Environment and Teleoperator Systems}},
  year = {2009},
}

@inproceedings{Edmunds:2008:HAPTICS,
  author = {Timothy Edmunds and Dinesh K. Pai},
  title = {Perceptual Rendering for Learning Haptic Skills},
  booktitle = {{HAPTICS}~2008: {IEEE} International symposium on Haptic
               Interfaces for Virtual Environments and Teleoperator Systems},
  year = {2008},
  location = {Reno, Nevada},
  doi = {10.1109/HAPTICS.2008.4479948},
  isbn = {978-1-4244-2005-6},
  pages = {225--230},
  publisher = {{IEEE} Computer Society}
}

@inproceedings{Leffler:2007:AAAI,
  author = {Bethany R. Leffler and Michael L. Littman and Timothy Edmunds},
  title = {Efficient Reinforcement Learning with Relocatable Action Models},
  booktitle = {{AAAI}-07: Proceedings of the Twenty-Second Conference on
               Artificial Intelligence},
  year = {2007},
  pages = {572-577},
  location = {Vancouver, British Columbia},
  publisher = {The {AAAI} Press},
  address = {Menlo Park, CA, USA}
}

@inproceedings{Edmunds:2006:ISMAR,
  author = {Timothy Edmunds and Dinesh K. Pai},
  title = {An Event Architecture for Distributed Interactive Multisensory
           Rendering},
  booktitle = {{ISMAR}~2006: {IEEE}/{ACM} {I}nternational {S}ymposium on {M}ixed
               and {A}ugmented {R}eality},
  year = {2006},
  location = {Santa Barbara, California},
  doi = {10.1109/ISMAR.2006.297814},
  pages = {197--202},
  publisher = {{IEEE} Computer Society},
  address = {Los Alamitos, CA, USA}
}

@inproceedings{Ruffaldi:2006:HAPTICS,
  author = {Emanuele Ruffaldi and Dan Morris and Timothy Edmunds and Federico
            Barbagli and Dinesh K.Pai},
  title = {Standardized Evaluation of Haptic Rendering Systems},
  booktitle = {{HAPTICS}~'06: Proceedings of the Symposium on Haptic Interfaces
               for Virtual Environment and Teleoperator Systems},
  year = {2006},
  isbn = {1-4244-0226-3},
  pages = {255-232},
  doi = {10.1109/HAPTICS.2006.175},
  publisher = {IEEE Computer Society},
  address = {Washington, DC, USA}
}

@inproceedings{Kaufman:2005:SIGGRAPH,
  author = {Danny M. Kaufman and Timothy Edmunds and Dinesh K. Pai},
  title = {Fast Frictional Dynamics for Rigid Bodies},
  booktitle = {{SIGGRAPH}~'05: {ACM} {SIGGRAPH} 2005 Papers},
  year = {2005},
  pages = {946--956},
  location = {Los Angeles, California},
  doi = {10.1145/1186822.1073295},
  publisher = {{ACM} Press},
  address = {New York, NY, USA}
}

@inproceedings{Kaufman:2005:SIGGRAPHSKETCHES,
  author = {Danny M. Kaufman and Timothy Edmunds and Dinesh K. Pai},
  title = {Implementation of Fast Frictional Dynamics for Rigid Bodies},
  booktitle = {{SIGGRAPH}~'05: {ACM} {SIGGRAPH} 2005 Sketches},
  year = {2005},
  pages = {78},
  location = {Los Angeles, California},
  doi = {10.1145/1187112.1187205},
  publisher = {ACM Press},
  address = {New York, NY, USA}
}

@inproceedings{Edmunds:2005:ICDE,
  author = {Timothy Edmunds and S. Muthukrishnan and Subarna Sadhukhan and
            Shinjiro Sueda},
  title = {{M}o{DB}: Database System for Synthesizing Human Motion},
  booktitle = {{ICDE}~'05: Proceedings of the 21st International Conference on
               Data Engineering},
  year = {2005},
  pages = {1131-1132},
  location = {Tokyo, Japan},
  isbn = {0-7695-2285-8},
  doi = {10.1109/ICDE.2005.89},
  publisher = {IEEE Computer Society},
  address = {Washington, DC, USA}
}

@inproceedings{Edmunds:2004:SCA,
  author = {T. Edmunds and D. Kaufman and P.G. Kry and D.K. Pai and S. Sadhukhan
            and S. Sueda and D. Wang and Q. Wei},
  title = {Interactive Character Animation with Vision},
  booktitle = {{SCA}~'04: Poster Proceedings of the 2004
               {ACM SIGGRAPH}/Eurographics Symposium on Computer Animation},
  year = {2004},
  location = {Grenoble, France},
  pages = {42--43}
}
