@article{Lintern:1991:HUMANFACTORS,
 author = {Gavan Lintern},
 title = {An Informational Perspective on Skill Transfer in Human-Machine Systems},
 journal = {Human Factors},
 volume = {33},
 number = {3},
 year = {1991},
 month = jun,
 issn = {0018-7208},
 pages = {251--266},
 publisher = {Human Factors \& Ergonomics Society, Inc.},
 address = {Santa Monica, CA, USA},
}

@article{Wightman:1985:HUMANFACTORS,
 author = {Dennis C. Wightman and Gavan Lintern},
 title = {Part-task training for tracking and manual control},
 journal = {Human Factors},
 volume = {27},
 number = {3},
 year = {1985},
 month = jun,
 pages = {267--283},
}

@article{Mertens:1981:AVIATIONSPACEENVMED,
 author = {Henry W. Mertens},
 title = {Perception of Runway Image Shape and Approach Angle Magnitude by Pilots in Simulated Night Landing Approaches},
 journal = {Aviation, Space, and Environmental Medicine},
 volume = {52},
 number = {7},
 year = {1981},
 month = jul,
 pages = {373--386},
}

@inproceedings{Morris:2007:WHC,
 author = {Dan Morris and Hong Tan and Federico Barbagli and Timothy Chang and Kenneth Salisbury},
 title = {Haptic Feedback Enhances Force Skill Learning},
 booktitle = {{WHC}~'07: Proceedings of the Second Joint EuroHaptics Conference and Symposium on Haptic Interfaces for Virtual Environment and Teleoperator Systems},
 year = {2007},
 isbn = {0-7695-2738-8},
 pages = {21--26},
 location = {Tsukuba, Japan},
 doi = {10.1109/WHC.2007.65},
 publisher = {IEEE Computer Society},
 address = {Los Alamitos, CA, USA},
}
